
@article{bhargava_data_2016,
	title = {Data Murals: Using the Arts to Build Data Literacy},
	volume = {12},
	issn = {1712-4441},
	number = {3},
	journal = {The Journal of Community Informatics},
	author = {Bhargava, Rahul and Kadouaki, Ricardo and Bhargava, Emily and Castro, Guilherme and D'Ignazio, Catherine},
	year = {2016}
}

@book{gray_data_2012,
	title = {The Data Journalism Handbook},
	publisher = {O'Reilly Media, Inc.},
	author = {Gray, Jonathon and Chambers, Lucy and Bounegru, Liliana},
	year = {2012}
}

@inproceedings{bhargava_data_2017,
	location = {Edinburgh, Scotland},
	title = {Data Sculptures as a Playful and Low-Tech Introduction to Working with Data},
	booktitle = {Designing Interactive Systems},
	author = {Bhargava, Rahul and D'Ignazio, Catherine},
	year = {2017}
}

@inproceedings{syeda_design_2020,
	location = {Honolulu, {HI}, {USA}},
	title = {Design Study "Lite" Methodology: Expediting Design Studies and Enabling the Synergy of Visualization Pedagogy and Social Good},
	isbn = {978-1-4503-6708-0},
	doi = {10.1145/3313831.3376829},
	series = {{CHI} '20},
	shorttitle = {Design Study "Lite" Methodology},
	pages = {1--13},
	booktitle = {Proceedings of the 2020 {CHI} Conference on Human Factors in Computing Systems},
	publisher = {Association for Computing Machinery},
	author = {Syeda, Uzma Haque and Murali, Prasanth and Roe, Lisa and Berkey, Becca and Borkin, Michelle A.},
	year = {2020}
}

@article{wolfe_teaching_2015,
	title = {Teaching Students to Focus on the Data in Data Visualization},
	volume = {29},
	issn = {1050-6519},
	doi = {10.1177/1050651915573944},
	pages = {344--359},
	number = {3},
	journal = {Journal of Business and Technical Communication},
	author = {Wolfe, Joanna},
	year = {2015}
}

@article{dignazio_creative_2018,
	title = {Creative Data Literacy: A Constructionist Approach to Teaching Information Visualization},
	volume = {012},
	issn = {1938-4122},
	number = {4},
	journal = {Digital Humanities Quarterly},
	author = {D'Ignazio, Catherine and Bhargava, Rahul},
	year = {2018}
}

@book{papert_childrens_1994,
	location = {New York},
	title = {The Children's Machine},
	isbn = {978-0-465-01063-9},
	author = {Papert, Seymour},
	publisher = {Basic Books},
	year = {1994}
}

@inproceedings{moere_physical_2009,
  title={The Physical Visualization of Information: Designing Data Sculptures in an Educational Context},
  author={Andrew Vande Moere and Stephanie Patel},
  booktitle={VINCI},
  year={2009}
}
